<?xml version="1.0" encoding="UTF-8"?><collection xmlns="http://www.loc.gov/MARC21/slim"><record><leader>00456nam--2200181-u-4500</leader><controlfield tag="001">000055752</controlfield><controlfield tag="002">20161230</controlfield><controlfield tag="005">20161230201052</controlfield><controlfield tag="008">130410s1000------------r-----000-0-rum-d</controlfield><datafield ind1=" " ind2=" " tag="040"><subfield code="a">IFIN-HH</subfield></datafield><datafield ind1=" " ind2=" " tag="041"><subfield code="a">rum</subfield></datafield><datafield ind1=" " ind2=" " tag="080"><subfield code="a">541.15(043)</subfield></datafield><datafield ind1="1" ind2=" " tag="100"><subfield code="a">Fiti, Maria</subfield></datafield><datafield ind1="1" ind2="0" tag="245"><subfield code="a">Studiul influentei activitatii ionilor de hidrogen</subfield><subfield code="b">Teza</subfield><subfield code="c">Maria fiti</subfield></datafield><datafield ind1=" " ind2=" " tag="260"><subfield code="a">Bucuresti</subfield><subfield code="b">Ifa</subfield><subfield code="c">1968</subfield></datafield><datafield ind1=" " ind2=" " tag="300"><subfield code="a">49P</subfield></datafield><datafield ind1=" " ind2=" " tag="852"><subfield code="a">44523</subfield><subfield code="c">H.H</subfield></datafield><datafield ind1=" " ind2=" " tag="CAT"><subfield code="a">Sys</subfield><subfield code="c">20130410</subfield><subfield code="h">175150</subfield></datafield></record></collection>